@article{armato1999computerized,
  title={Computerized detection of pulmonary nodules on CT scans 1},
  author={Armato, Samuel G and Giger, Maryellen L and Moran, Catherine J and Blackburn, James T and Doi, Kunio and MacMahon, Heber},
  journal={Radiographics},
  volume={19},
  number={5},
  pages={1303--1311},
  year={1999},
  publisher={Radiological Society of North America}
}

@article{armato2001automated,
  title={Automated detection of lung nodules in CT scans: preliminary results},
  author={Armato, Samuel G and Giger, Maryellen L and MacMahon, Heber},
  journal={Medical physics},
  volume={28},
  number={8},
  pages={1552--1561},
  year={2001},
  publisher={Wiley Online Library}
}

@article{armato2011lung,
  title={The lung image database consortium (LIDC) and image database resource initiative (IDRI): a completed reference database of lung nodules on CT scans},
  author={Armato, Samuel G and McLennan, Geoffrey and Bidaut, Luc and McNitt-Gray, Michael F and Meyer, Charles R and Reeves, Anthony P and Zhao, Binsheng and Aberle, Denise R and Henschke, Claudia I and Hoffman, Eric A and others},
  journal={Medical physics},
  volume={38},
  number={2},
  pages={915--931},
  year={2011},
  publisher={Wiley Online Library}
}

@article{clark2013cancer,
  title={The Cancer Imaging Archive (TCIA): maintaining and operating a public information repository},
  author={Clark, Kenneth and Vendt, Bruce and Smith, Kirk and Freymann, John and Kirby, Justin and Koppel, Paul and Moore, Stephen and Phillips, Stanley and Maffitt, David and Pringle, Michael and others},
  journal={Journal of digital imaging},
  volume={26},
  number={6},
  pages={1045--1057},
  year={2013},
  publisher={Springer}
}

@article{drew2013invisible,
  title={The invisible gorilla strikes again sustained inattentional blindness in expert observers},
  author={Drew, Trafton and V{\~o}, Melissa L-H and Wolfe, Jeremy M},
  journal={Psychological science},
  pages={0956797613479386},
  year={2013},
  publisher={Sage Publications}
}

@article{firmino2014computer,
  title={Computer-aided detection system for lung cancer in computed tomography scans: review and future prospects},
  author={Firmino, Macedo and Morais, Ant{\^o}nio H and Mendo{\c{c}}a, Roberto M and Dantas, Marcel R and Hekis, Helio R and Valentim, Ricardo},
  journal={Biomedical engineering online},
  volume={13},
  number={1},
  pages={41},
  year={2014},
  publisher={BioMed Central}
}


@inproceedings{huang2017lung,
  title={Lung nodule detection in CT using 3D convolutional neural networks},
  author={Huang, Xiaojie and Shan, Junjie and Vaidya, Vivek},
  booktitle={Biomedical Imaging (ISBI 2017), 2017 IEEE 14th International Symposium on},
  pages={379--383},
  year={2017},
  organization={IEEE}
}


@article{koch2015krebs,
author = {Peter Kaatsch and Claudia Spix and Alexander Katalinic and Stefan Hentschel and Sabine Luttmann and Christa Stegmaier and Sandra Caspritz and Monika Christ and Anke Ernst and Juliane Folkerts and Jutta Hansmann and Stefanie Klein},
title = {Krebs in Deutschland 2011/2012},
series = {Gesundheitsberichterstattung-Hefte},
year = {2015},
publisher = {Robert Koch-Institut},
url = { \url{http://edoc.rki.de/docviews/abstract.php?id=4119} }
}


@article{li2005computer,
  title={Computer-aided detection of peripheral lung cancers missed at ct: Roc analyses without and with localization 1},
  author={Li, Feng and Arimura, Hidetaka and Suzuki, Kenji and Shiraishi, Junji and Li, Qiang and Abe, Hiroyuki and Engelmann, Roger and Sone, Shusuke and MacMahon, Heber and Doi, Kunio},
  journal={Radiology},
  volume={237},
  number={2},
  pages={684--690},
  year={2005},
  publisher={Radiological Society of North America}
}

@inproceedings{li2016convergent,
  title={Convergent Learning: Do different neural networks learn the same representations?},
  author={Li, Yixuan and Yosinski, Jason and Clune, Jeff and Lipson, Hod and Hopcroft, John},
  booktitle={Proceedings of International Conference on Learning Representation (ICLR)},
  year={2016}
}

@article{mason2011t,
  title={SU-E-T-33: Pydicom: An Open Source DICOM Library},
  author={Mason, D},
  journal={Medical Physics},
  volume={38},
  number={6},
  pages={3493--3493},
  year={2011},
  publisher={Wiley Online Library}
}

@article{okada2005robust,
  title={Robust anisotropic Gaussian fitting for volumetric characterization of pulmonary nodules in multislice CT},
  author={Okada, Kazunori and Comaniciu, Dorin and Krishnan, Arun},
  journal={IEEE Transactions on Medical Imaging},
  volume={24},
  number={3},
  pages={409--423},
  year={2005},
  publisher={IEEE}
}

@Inbook{pianykh2008,
title="A Brief History of DICOM",
bookTitle="Digital Imaging and Communications in Medicine (DICOM): A Practical Introduction and Survival Guide",
year="2008",
publisher="Springer Berlin Heidelberg",
address="Berlin, Heidelberg",
pages="17--22",
isbn="978-3-540-74571-6",
doi="10.1007/978-3-540-74571-6_4",
url="https://doi.org/10.1007/978-3-540-74571-6_4"
}

@article{rosset2004osirix,
  title={OsiriX: an open-source software for navigating in multidimensional DICOM images},
  author={Rosset, Antoine and Spadola, Luca and Ratib, Osman},
  journal={Journal of digital imaging},
  volume={17},
  number={3},
  pages={205--216},
  year={2004},
  publisher={Springer}
}

@inproceedings{shen2015multi,
  title={Multi-scale convolutional neural networks for lung nodule classification},
  author={Shen, Wei and Zhou, Mu and Yang, Feng and Yang, Caiyun and Tian, Jie},
  booktitle={International Conference on Information Processing in Medical Imaging},
  pages={588--599},
  year={2015},
  organization={Springer}
}


@inproceedings{tao2009multi,
  title={Multi-level ground glass nodule detection and segmentation in CT lung images},
  author={Tao, Yimo and Lu, Le and Dewan, Maneesh and Chen, Albert Y and Corso, Jason and Xuan, Jianhua and Salganicoff, Marcos and Krishnan, Arun},
  booktitle={International Conference on Medical Image Computing and Computer-Assisted Intervention},
  pages={715--723},
  year={2009},
  organization={Springer}
}


@article{ye2009shape,
  title={Shape-based computer-aided detection of lung nodules in thoracic CT images},
  author={Ye, Xujiong and Lin, Xinyu and Dehmeshki, Jamshid and Slabaugh, Greg and Beddoe, Gareth},
  journal={IEEE Transactions on Biomedical Engineering},
  volume={56},
  number={7},
  pages={1810--1820},
  year={2009},
  publisher={IEEE}
}

